<record><leader>00000cas a22000007a 4500</leader><controlfield tag="001">25375385</controlfield><controlfield tag="008">920302c199u9999mdumr ne      0   a0eng c</controlfield><datafield ind1=" " ind2=" " tag="010"><subfield code="a">sn 92003166 </subfield></datafield><datafield ind1=" " ind2=" " tag="040"><subfield code="a">NSD</subfield><subfield code="b">eng</subfield><subfield code="c">NSD</subfield><subfield code="d">OCLCQ</subfield></datafield><datafield ind1=" " ind2=" " tag="012"><subfield code="l">1</subfield></datafield><datafield ind1="0" ind2=" " tag="022"><subfield code="a">1061-5237</subfield><subfield code="l">1061-5237</subfield><subfield code="2">1</subfield></datafield><datafield ind1=" " ind2=" " tag="037"><subfield code="b">Straight from the Street, 5102 N. Englewood Dr., Hyattsville, MD 20785</subfield></datafield><datafield ind1=" " ind2=" " tag="042"><subfield code="a">nsdp</subfield><subfield code="a">pcc</subfield></datafield><datafield ind1="1" ind2="0" tag="082"><subfield code="a">071</subfield><subfield code="2">12</subfield></datafield><datafield ind1="0" ind2=" " tag="210"><subfield code="a">Straight street</subfield></datafield><datafield ind1=" " ind2="0" tag="222"><subfield code="a">Straight from the street</subfield></datafield><datafield ind1="0" ind2="0" tag="245"><subfield code="a">Straight from the street.</subfield></datafield><datafield ind1=" " ind2=" " tag="260"><subfield code="a">Hyattsville, MD :</subfield><subfield code="b">Above and Beyond the Call Enterprises (A.B.C.E.)</subfield></datafield><datafield ind1=" " ind2=" " tag="300"><subfield code="a">v.</subfield></datafield><datafield ind1=" " ind2=" " tag="310"><subfield code="a">Monthly</subfield></datafield><datafield ind1=" " ind2=" " tag="588"><subfield code="a">Description based on: Vol. 1, no. 10 (Feb. 1992).</subfield></datafield><datafield ind1=" " ind2=" " tag="752"><subfield code="a">United States</subfield><subfield code="b">Maryland</subfield><subfield code="c">Prince Georges</subfield><subfield code="d">Hyattsville.</subfield></datafield><datafield ind1="1" ind2=" " tag="029"><subfield code="a">AU@</subfield><subfield code="b">000025908000</subfield></datafield></record>